<?xml version = "1.0" encoding = "UTF-8"?><record>
  <leader>01900nam#a2200397#c#4500</leader>
  <controlfield tag="005">20210409153912.0</controlfield>
  <controlfield tag="007">cr#|||||||||||</controlfield>
  <controlfield tag="008">180716|2012####au######o#####|||#|#ger#c</controlfield>
  <controlfield tag="003">DE-605</controlfield>
  <controlfield tag="001">990225538190206441</controlfield>
  <datafield tag="016" ind1="7" ind2=" ">
    <subfield code="a">1074085189</subfield>
    <subfield code="2">OCoLC</subfield>
  </datafield>
  <datafield tag="035" ind1=" " ind2=" ">
    <subfield code="a">(DE-605)HT019746251</subfield>
  </datafield>
  <datafield tag="040" ind1=" " ind2=" ">
    <subfield code="a">38 M</subfield>
    <subfield code="b">ger</subfield>
    <subfield code="d">38 M</subfield>
    <subfield code="e">rda</subfield>
  </datafield>
  <datafield tag="041" ind1=" " ind2=" ">
    <subfield code="a">ger</subfield>
  </datafield>
  <datafield tag="044" ind1=" " ind2=" ">
    <subfield code="c">XA-AT</subfield>
  </datafield>
  <datafield tag="082" ind1="0" ind2=" ">
    <subfield code="a">610</subfield>
  </datafield>
  <datafield tag="245" ind1="0" ind2="0">
    <subfield code="a">Lymphome: Diagnose,&#8194;Therapie,&#8194;Nachsorge</subfield>
    <subfield code="c">&#214;sterreichische Krebshilfe, Myelom- und Lymphomhilfe &#214;sterreich</subfield>
  </datafield>
  <datafield tag="246" ind1="3" ind2=" ">
    <subfield code="a">Lymphome: leben mit der Diagnose Krebs</subfield>
  </datafield>
  <datafield tag="246" ind1="1" ind2=" ">
    <subfield code="i">Abweichender Titel von der Homepage</subfield>
    <subfield code="a">Lymphome: leben mit der Diagnose Krebs</subfield>
  </datafield>
  <datafield tag="264" ind1=" " ind2="1">
    <subfield code="a">Wien</subfield>
    <subfield code="b">&#214;sterreichische Krebshilfe</subfield>
    <subfield code="c">09/12</subfield>
  </datafield>
  <datafield tag="300" ind1=" " ind2=" ">
    <subfield code="a">1 Online-Ressource (34 Seiten)</subfield>
    <subfield code="b">Illustrationen</subfield>
  </datafield>
  <datafield tag="336" ind1=" " ind2=" ">
    <subfield code="b">txt</subfield>
  </datafield>
  <datafield tag="337" ind1=" " ind2=" ">
    <subfield code="b">c</subfield>
  </datafield>
  <datafield tag="338" ind1=" " ind2=" ">
    <subfield code="b">cr</subfield>
  </datafield>
  <datafield tag="520" ind1="3" ind2=" ">
    <subfield code="a">In &#214;sterreich werden j&#228;hrlich etwa 1100 Patienten mit Non-Hodgkin-Lymphom bzw. einem Morbus Hodgkin diagnostiziert. Die Diagnose konfrontiert den Betroffenen mit einem Krankheitsbild, von dem die meisten nur sehr vage Vorstellungen und Erwartungen haben. Es ist daher wichtig, ausf&#252;hrlich &#252;ber die verschiedenen Lymphome zu informieren, da die klinischen Symptome sowie die notwendige Behandlung und die zu erwartenden Behandlungsergebnisse sehr unterschiedlich sind.</subfield>
  </datafield>
  <datafield tag="710" ind1="2" ind2=" ">
    <subfield code="a">&#214;sterreichische Krebshilfe-Krebsgesellschaft</subfield>
    <subfield code="0">(DE-588)2130656-4</subfield>
    <subfield code="4">isb</subfield>
    <subfield code="0">(uri) https://portal.dnb.de/opac.htm?method=simpleSearch&amp;cqlMode=true&amp;query=idn=007773404</subfield>
    <subfield code="0">(uri) http://viaf.org/viaf/sourceID/DNB|007773404</subfield>
  </datafield>
  <datafield tag="710" ind1="2" ind2=" ">
    <subfield code="a">Myelom- und Lymphomhilfe &#214;sterreich</subfield>
    <subfield code="0">(DE-588)1166687864</subfield>
    <subfield code="4">isb</subfield>
    <subfield code="0">(uri) https://portal.dnb.de/opac.htm?method=simpleSearch&amp;cqlMode=true&amp;query=idn=1166687864</subfield>
    <subfield code="0">(uri) http://viaf.org/viaf/sourceID/DNB|1166687864</subfield>
  </datafield>
  <datafield tag="856" ind1="4" ind2="0">
    <subfield code="u">https://repository.publisso.de/resource/frl:6408806</subfield>
    <subfield code="x">Langzeitarchivierung</subfield>
  </datafield>
  <datafield tag="960" ind1="1" ind2=" ">
    <subfield code="i">iall</subfield>
  </datafield>
  <datafield tag="960" ind1="1" ind2=" ">
    <subfield code="r">38 M: ellinet ; GND: (DE-588)2130656-4</subfield>
  </datafield>
  <datafield tag="964" ind1="0" ind2="s">
    <subfield code="F">030</subfield>
    <subfield code="A">a|zur||||||37</subfield>
  </datafield>
  <datafield tag="964" ind1="0" ind2="s">
    <subfield code="F">050</subfield>
    <subfield code="A">||||||||g|||||</subfield>
  </datafield>
  <datafield tag="964" ind1="0" ind2="s">
    <subfield code="F">051</subfield>
    <subfield code="A">m|||||||</subfield>
  </datafield>
  <datafield tag="035" ind1=" " ind2=" ">
    <subfield code="a">(OCoLC)1074085189</subfield>
    <subfield code="0">(uri) http://www.worldcat.org/oclc/1074085189</subfield>
  </datafield>
  <datafield tag="035" ind1=" " ind2=" ">
    <subfield code="a">(DE-599)HBZHT019746251</subfield>
  </datafield>
  <datafield tag="024" ind1="7" ind2=" ">
    <subfield code="a">10.4126/FRL01-006408806</subfield>
    <subfield code="2">doi</subfield>
  </datafield>
  <datafield tag="MBD" ind1=" " ind2=" ">
    <subfield code="M">49HBZ_NETWORK</subfield>
    <subfield code="i">990225538190206441</subfield>
    <subfield code="n">HBZ Network</subfield>
  </datafield>
  <datafield tag="MNG" ind1=" " ind2=" ">
    <subfield code="c">System</subfield>
    <subfield code="f">ILS</subfield>
    <subfield code="i">marc21</subfield>
    <subfield code="k">01</subfield>
    <subfield code="e">false</subfield>
    <subfield code="d">2021-09-19 05:11:34 Europe/Berlin</subfield>
    <subfield code="g">022553819-HBZ01</subfield>
    <subfield code="j">60</subfield>
    <subfield code="a">import</subfield>
    <subfield code="b">2021-04-06 04:31:41 Europe/Berlin</subfield>
  </datafield>
</record>